@article{gergelits2019laplacian,
  title={Laplacian preconditioning of elliptic PDEs: Localization of the eigenvalues of the discretized operator},
  author={Gergelits, Tomáš and Mardal, Kent-Andr{\'e} and Nielsen, Bj{\o}rn Fredrik and Strakos, Zdenek},
  journal={SIAM Journal on Numerical Analysis},
  volume=57,
  number=3,
  pages={1369--1394},
  year=2019,
  publisher={SIAM}
}


@article{gergelits2020generalized,
  title={Generalized spectrum of second order differential operators},
  author={Gergelits, Tomáš and Nielsen, Bj{\o}rn Fredrik and Strakoš, Zdeněk},
  journal={SIAM Journal on Numerical Analysis},
  volume={58},
  number={4},
  pages={2193--2211},
  year={2020},
  publisher={SIAM}
}

@article{hiptmair2006operator,
  title={Operator preconditioning},
  author={Hiptmair, Ralf},
  journal={Computers \& Mathematics with Applications},
  volume={52},
  number={5},
  pages={699--706},
  year={2006},
  publisher={Elsevier}
}

@article{nielsen2009preconditioning,
  title={Preconditioning by inverting the Laplacian: an analysis of the eigenvalues},
  author={Nielsen, Bj{\o}rn Fredrik and Tveito, Aslak and Hackbusch, Wolfgang},
  journal={IMA journal of numerical analysis},
  volume={29},
  number={1},
  pages={24--42},
  year={2009},
  publisher={OUP}
}

@book{hestenes1952methods,
  title={Methods of conjugate gradients for solving linear systems},
  author={Hestenes, Magnus Rudolph and Stiefel, Eduard and others},
  volume={49},
  number={1},
  year={1952},
  publisher={NBS Washington, DC}
}

@misc{liesen2019nla1,
  author        = {Liesen, Joerg},
  title         = {Lecture notes Numerical Linear Algebra 1},
  year          = {2019-20},
  publisher={Technische Universitaet Berlin}
}

@article{gergelits2014composite,
  title={Composite convergence bounds based on Chebyshev polynomials and finite precision conjugate gradient computations},
  author={Gergelits, Tom{\'a}{\v{s}} and Strako{\v{s}}, Zden{\v{e}}k},
  journal={Numerical Algorithms},
  volume={65},
  number={4},
  pages={759--782},
  year={2014},
  publisher={Springer}
}
